<record><leader>00000cas a2200000 a 4500</leader><controlfield tag="001">777964085</controlfield><controlfield tag="006">m     o  d        </controlfield><controlfield tag="007">cr |||||||||||</controlfield><controlfield tag="008">120223c19uu9999inuwn neo     0   a0eng c</controlfield><datafield ind1=" " ind2=" " tag="010"><subfield code="a">  2012238191</subfield></datafield><datafield ind1=" " ind2=" " tag="040"><subfield code="a">IUL</subfield><subfield code="b">eng</subfield><subfield code="c">IUL</subfield><subfield code="d">IUL</subfield><subfield code="d">DLC</subfield><subfield code="d">OCLCQ</subfield><subfield code="d">OCLCF</subfield><subfield code="d">TEFOD</subfield><subfield code="d">TEF</subfield><subfield code="d">OCLCQ</subfield></datafield><datafield ind1=" " ind2=" " tag="012"><subfield code="l">a</subfield></datafield><datafield ind1=" " ind2=" " tag="019"><subfield code="a">904698021</subfield></datafield><datafield ind1="0" ind2=" " tag="022"><subfield code="a">2166-2878</subfield><subfield code="2">1</subfield></datafield><datafield ind1=" " ind2=" " tag="037"><subfield code="b">The Horizon, IU Southeast, 4201 Grant Line Rd., New Albany, IN 47150</subfield></datafield><datafield ind1=" " ind2=" " tag="037"><subfield code="a">42891E99-C0D8-4395-832C-93ABF8145C59</subfield><subfield code="b">OverDrive, Inc.</subfield><subfield code="n">http://www.overdrive.com</subfield></datafield><datafield ind1=" " ind2=" " tag="042"><subfield code="a">pcc</subfield><subfield code="a">nsdp</subfield></datafield><datafield ind1=" " ind2="4" tag="050"><subfield code="a">LH1.H675</subfield></datafield><datafield ind1="1" ind2="0" tag="050"><subfield code="a">ISSN RECORD</subfield></datafield><datafield ind1="0" ind2="4" tag="082"><subfield code="a">378.772/19</subfield><subfield code="2">23</subfield></datafield><datafield ind1="1" ind2="0" tag="082"><subfield code="a">070</subfield><subfield code="2">14</subfield></datafield><datafield ind1=" " ind2="4" tag="222"><subfield code="a">The horizon</subfield><subfield code="b">(New Albany, Ind. : Online)</subfield></datafield><datafield ind1="0" ind2="4" tag="245"><subfield code="a">The horizon.</subfield></datafield><datafield ind1=" " ind2=" " tag="260"><subfield code="a">New Albany, Indiana :</subfield><subfield code="b">Indiana University Southeast</subfield></datafield><datafield ind1=" " ind2=" " tag="310"><subfield code="a">Weekly during fall and spring semesters</subfield></datafield><datafield ind1=" " ind2=" " tag="336"><subfield code="a">text</subfield><subfield code="b">txt</subfield><subfield code="2">rdacontent</subfield></datafield><datafield ind1=" " ind2=" " tag="337"><subfield code="a">computer</subfield><subfield code="b">c</subfield><subfield code="2">rdamedia</subfield></datafield><datafield ind1=" " ind2=" " tag="338"><subfield code="a">online resource</subfield><subfield code="b">cr</subfield><subfield code="2">rdacarrier</subfield></datafield><datafield ind1=" " ind2=" " tag="588"><subfield code="a">Description based on: Volume 66, Issue 15 (Week of February 6, 2012); title from PDF image of caption (publisher's Web site, viewed Feb. 23, 2012).</subfield></datafield><datafield ind1=" " ind2=" " tag="588"><subfield code="a">Latest issue consulted: Volume 66, Issue 16 (Week of February 13, 2012).</subfield></datafield><datafield ind1="2" ind2="0" tag="610"><subfield code="a">Indiana University Southeast</subfield><subfield code="v">Newspapers.</subfield></datafield><datafield ind1="2" ind2="7" tag="610"><subfield code="a">Indiana University Southeast.</subfield><subfield code="2">fast</subfield><subfield code="0">(OCoLC)fst00549861</subfield></datafield><datafield ind1=" " ind2="4" tag="655"><subfield code="a">Electronic journals.</subfield></datafield><datafield ind1=" " ind2="7" tag="655"><subfield code="a">Newspapers.</subfield><subfield code="2">fast</subfield><subfield code="0">(OCoLC)fst01423814</subfield></datafield><datafield ind1="2" ind2=" " tag="710"><subfield code="a">Indiana University Southeast.</subfield></datafield><datafield ind1=" " ind2=" " tag="752"><subfield code="a">United States</subfield><subfield code="b">Indiana</subfield><subfield code="c">Floyd</subfield><subfield code="d">New Albany.</subfield></datafield><datafield ind1="4" ind2="0" tag="856"><subfield code="3">OverDrive</subfield><subfield code="u">https://www.overdrive.com/search?q=42891E99-C0D8-4395-832C-93ABF8145C59</subfield></datafield><datafield ind1="4" ind2="0" tag="856"><subfield code="u">http://bibpurl.oclc.org/web/45461</subfield><subfield code="u">http://iushorizon.com/</subfield></datafield><datafield ind1="4" ind2=" " tag="856"><subfield code="3">Image</subfield><subfield code="u">http://images.cdn.overdrive.com/ImageType-100/6048-1/{42891E99-C0D8-4395-832C-93ABF8145C59}Img100.jpg</subfield></datafield></record>